@inproceedings{Wu2015,
  author = {Wu, Zhirong and Song, Shuran and Khosla, Aditya and Yu, Fisher and Zhang, Linguang and Tang, Xiaoou and Xiao, Jianxiong and Map, Input Depth},
  booktitle = {Proceedings of the IEEE Conference on Computer Vision and Pattern Recognition},
  title = {{3D ShapeNets: A Deep Representation for Volumetric Shapes}},
  url = {http://arxiv.org/abs/1406.5670},
  year = {2015}
}

@inproceedings{Maturana2015,
  title={Voxnet: A 3d convolutional neural network for real-time object recognition},
  author={Maturana, Daniel and Scherer, Sebastian},
  booktitle={Intelligent Robots and Systems (IROS), 2015 IEEE/RSJ International Conference on},
  pages={922--928},
  year={2015},
  organization={IEEE}
}

@article{Chetlur2014,
  arxivId = {1410.0759},
  author = {Chetlur, Sharan and Woolley, Cliff and Vandermersch, Philippe and Cohen, Jonathan and Tran, John and Catanzaro, Bryan and Shelhamer, Evan},
  doi = {10.1002/polb.23894},
  eprint = {1410.0759},
  isbn = {1930-7381},
  issn = {08876266},
  pages = {1--9},
  title = {{cuDNN: Efficient Primitives for Deep Learning}},
  year = {2014}
}


@inproceedings{Jia2014,
  author = {Jia, Yangqing and Shelhamer, Evan and Donahue, Jeff and Karayev, Sergey and Long, Jonathan and Girshick, Ross and Guadarrama, Sergio and Darrell, Trevor},
  booktitle = {Proceedings of the ACM International Conference on Multimedia},
  pages = {657--678},
  title = {{Caffe: Convolutional Architecture for Fast Feature Embedding}},
  year = {2014}
}

@article{Aldoma2012,
  title={Tutorial: Point cloud library: Three-dimensional object recognition and 6 dof pose estimation},
  author={Aldoma, Aitor and Marton, Zoltan-Csaba and Tombari, Federico and Wohlkinger, Walter and Potthast, Christian and Zeisl, Bernhard and Rusu, Radu Bogdan and Gedikli, Suat and Vincze, Markus},
  journal={IEEE Robotics \& Automation Magazine},
  volume={19},
  number={3},
  pages={80--91},
  year={2012},
  publisher={IEEE}
}

@inproceedings{Rusu2011,
  author = {Rusu, Radu B.},
  booktitle = {IEEE International Conference on Robotics and Automation (ICRA)},
  title = {{Point Cloud Library}},
  pages={1--4},
  year = {2011}
}