% This file was created with JabRef 2.10.
% Encoding: UTF-8

@Article{Armeni2017,
  Title                    = {{Joint 2D-3D-Semantic Data for Indoor Scene Understanding}},
  Author                   = {{Armeni}, I. and {Sax}, A. and {Zamir}, A.~R. and {Savarese}, S. },
  Journal                  = {ArXiv e-prints},
  Year                     = {2017},

  Month                    = feb,

  Adsnote                  = {Provided by the SAO/NASA Astrophysics Data System},
  Adsurl                   = {http://adsabs.harvard.edu/abs/2017arXiv170201105A},
  Archiveprefix            = {arXiv},
  Eprint                   = {1702.01105},
  Keywords                 = {Computer Science - Computer Vision and Pattern Recognition, Computer Science - Robotics},
  Primaryclass             = {cs.CV}
}

@Article{Barbosa2018,
  Title                    = {Looking beyond appearances: Synthetic training data for deep CNNs in re-identification},
  Author                   = {Igor Barros Barbosa and Marco Cristani and Barbara Caputo and Aleksander Rognhaugen and Theoharis Theoharis},
  Journal                  = {Computer Vision and Image Understanding},
  Year                     = {2018},
  Pages                    = {50 - 62},
  Volume                   = {167}
}

@Article{Brodeur2017,
  Title                    = {HoME: a Household Multimodal Environment},
  Author                   = {Brodeur, Simon and Perez, Ethan and Anand, Ankesh and Golemo, Florian and Celotti, Luca and Strub, Florian and Rouat, Jean and Larochelle, Hugo and Courville, Aaron},
  Journal                  = {arXiv preprint arXiv:1711.11017},
  Year                     = {2017}
}

@InProceedings{Butler2012,
  Title                    = {A naturalistic open source movie for optical flow evaluation},
  Author                   = {Butler, D. J. and Wulff, J. and Stanley, G. B. and Black, M. J.},
  Booktitle                = {European Conf. on Computer Vision (ECCV)},
  Year                     = {2012},
  Editor                   = {{A. Fitzgibbon et al. (Eds.)}},
  Month                    = oct,
  Pages                    = {611--625},
  Publisher                = {Springer-Verlag},
  Series                   = {Part IV, LNCS 7577}
}

@Article{Chang2017,
  Title                    = {{Matterport3D}: Learning from {RGB-D} Data in Indoor Environments},
  Author                   = {Chang, Angel and Dai, Angela and Funkhouser, Thomas and Halber, Maciej and Niessner, Matthias and Savva, Manolis and Song, Shuran and Zeng, Andy and Zhang, Yinda},
  Journal                  = {International Conference on 3D Vision (3DV)},
  Year                     = {2017}
}

@InProceedings{Gaidon2016,
  Title                    = {Virtual worlds as proxy for multi-object tracking analysis},
  Author                   = {Gaidon, Adrien and Wang, Qiao and Cabon, Yohann and Vig, Eleonora},
  Booktitle                = {Proceedings of the IEEE Conference on Computer Vision and Pattern Recognition},
  Year                     = {2016},
  Pages                    = {4340--4349}
}

@Article{2017arXiv170703742G,
  Title                    = {{Large-scale Multiview 3D Hand Pose Dataset}},
  Author                   = {{Gomez-Donoso}, F. and {Orts-Escolano}, S. and {Cazorla}, M.
 },
  Journal                  = {ArXiv e-prints},
  Year                     = {2017},

  Month                    = jul,

  Adsnote                  = {Provided by the SAO/NASA Astrophysics Data System},
  Adsurl                   = {http://adsabs.harvard.edu/abs/2017arXiv170703742G},
  Archiveprefix            = {arXiv},
  Eprint                   = {1707.03742},
  Keywords                 = {Computer Science - Human-Computer Interaction, Computer Science - Computer Vision and Pattern Recognition},
  Primaryclass             = {cs.HC}
}

@InProceedings{Handa2012,
  Title                    = {Real-time camera tracking: When is high frame-rate best?},
  Author                   = {Handa, Ankur and Newcombe, Richard A and Angeli, Adrien and Davison, Andrew J},
  Booktitle                = {European Conference on Computer Vision},
  Year                     = {2012},
  Organization             = {Springer},
  Pages                    = {222--235}
}

@InProceedings{Handa2016,
  Title                    = {Understanding real world indoor scenes with synthetic data},
  Author                   = {Handa, Ankur and Patraucean, Viorica and Badrinarayanan, Vijay and Stent, Simon and Cipolla, Roberto},
  Booktitle                = {Proceedings of the IEEE Conference on Computer Vision and Pattern Recognition},
  Year                     = {2016},
  Pages                    = {4077--4085}
}

@Article{Handa2015,
  Title                    = {Scenenet: Understanding real world indoor scenes with synthetic data},
  Author                   = {Handa, Ankur and Patraucean, Viorica and Badrinarayanan, Vijay and Stent, Simon and Cipolla, Roberto},
  Journal                  = {arXiv preprint arXiv:1511.07041},
  Year                     = {2015}
}

@InProceedings{Handa2014,
  Title                    = {A benchmark for RGB-D visual odometry, 3D reconstruction and SLAM},
  Author                   = {Handa, Ankur and Whelan, Thomas and McDonald, John and Davison, Andrew J},
  Booktitle                = {Robotics and automation (ICRA), 2014 IEEE international conference on},
  Year                     = {2014},
  Organization             = {IEEE},
  Pages                    = {1524--1531}
}

@Article{2015arXiv151203385H,
  Title                    = {{Deep Residual Learning for Image Recognition}},
  Author                   = {{He}, K. and {Zhang}, X. and {Ren}, S. and {Sun}, J.},
  Journal                  = {ArXiv e-prints},
  Year                     = {2015},

  Month                    = dec,

  Adsnote                  = {Provided by the SAO/NASA Astrophysics Data System},
  Adsurl                   = {http://adsabs.harvard.edu/abs/2015arXiv151203385H},
  Archiveprefix            = {arXiv},
  Eprint                   = {1512.03385},
  Keywords                 = {Computer Science - Computer Vision and Pattern Recognition},
  Primaryclass             = {cs.CV}
}

@InProceedings{Held2016,
  Title                    = {Learning to track at 100 fps with deep regression networks},
  Author                   = {Held, David and Thrun, Sebastian and Savarese, Silvio},
  Booktitle                = {European Conference on Computer Vision},
  Year                     = {2016},
  Organization             = {Springer},
  Pages                    = {749--765}
}

@inproceedings{Hong2018,
  title                     = {Conditional generative adversarial network for structured domain adaptation},
  author                    = {Hong, Weixiang and Wang, Zhenzhen and Yang, Ming and Yuan, Junsong},
  booktitle                 = {Proceedings of the IEEE Conference on Computer Vision and Pattern Recognition},
  pages                     = {1335--1344},
  year                      = {2018}
}

@InProceedings{Hua2016,
  Title                    = {Scenenn: A scene meshes dataset with annotations},
  Author                   = {Hua, Binh-Son and Pham, Quang-Hieu and Nguyen, Duc Thanh and Tran, Minh-Khoi and Yu, Lap-Fai and Yeung, Sai-Kit},
  Booktitle                = {3D Vision (3DV), 2016 Fourth International Conference on},
  Year                     = {2016},
  Organization             = {IEEE},
  Pages                    = {92--101}
}

@Article{Jiang2017,
  Title                    = {Configurable, Photorealistic Image Rendering and Ground Truth Synthesis by Sampling Stochastic Grammars Representing Indoor Scenes},
  Author                   = {Jiang, Chenfanfu and Zhu, Yixin and Qi, Siyuan and Huang, Siyuan and Lin, Jenny and Guo, Xiongwen and Yu, Lap-Fai and Terzopoulos, Demetri and Zhu, Song-Chun},
  Journal                  = {arXiv preprint arXiv:1704.00112},
  Year                     = {2017}
}

@Article{Johnson-Roberson2016,
  Title                    = {Driving in the Matrix: Can Virtual Worlds Replace Human-Generated Annotations for Real World Tasks?},
  Author                   = {Johnson-Roberson, Matthew and Barto, Charles and Mehta, Rounak and Sridhar, Sharath Nittur and Vasudevan, Ram},
  Journal                  = {arXiv preprint arXiv:1610.01983},
  Year                     = {2016}
}

@InProceedings{Keskin2012,
  Title                    = {Hand Pose Estimation and Hand Shape Classification Using Multi-layered Randomized Decision Forests},
  Author                   = {Keskin, Cem and K\$\#305;ra\$\#231;, Furkan and Kara, Yunus Emre and Akarun, Lale},
  Booktitle                = {Proceedings of the 12th European Conference on Computer Vision - Volume Part VI},
  Year                     = {2012},

  Address                  = {Berlin, Heidelberg},
  Pages                    = {852--863},
  Publisher                = {Springer-Verlag},
  Series                   = {ECCV'12},

  Acmid                    = {2403269},
  Doi                      = {10.1007/978-3-642-33783-3_61},
  ISBN                     = {978-3-642-33782-6},
  Location                 = {Florence, Italy},
  Numpages                 = {12},
  Url                      = {http://dx.doi.org/10.1007/978-3-642-33783-3_61}
}

@Article{Kolve2017,
  Title                    = {AI2-THOR: An Interactive 3D Environment for Visual AI},
  Author                   = {Kolve, Eric and Mottaghi, Roozbeh and Gordon, Daniel and Zhu, Yuke and Gupta, Abhinav and Farhadi, Ali},
  Journal                  = {arXiv preprint arXiv:1712.05474},
  Year                     = {2017}
}

@InProceedings{Lin2016,
  Title                    = {A virtual reality platform for dynamic human-scene interaction},
  Author                   = {Lin, Jenny and Guo, Xingwen and Shao, Jingyu and Jiang, Chenfanfu and Zhu, Yixin and Zhu, Song-Chun},
  Booktitle                = {SIGGRAPH ASIA 2016 Virtual Reality meets Physical Reality: Modelling and Simulating Virtual Humans and Environments},
  Year                     = {2016},
  Organization             = {ACM},
  Pages                    = {11}
}

@Article{Mahendran2016,
  Title                    = {Researchdoom and cocodoom: Learning computer vision with games},
  Author                   = {Mahendran, Aravindh and Bilen, Hakan and Henriques, Jo{\~a}o F and Vedaldi, Andrea},
  Journal                  = {arXiv preprint arXiv:1610.02431},
  Year                     = {2016}
}

@Article{Mahler2017dex,
  Title                    = {Dex-Net 2.0: Deep Learning to Plan Robust Grasps with Synthetic Point Clouds and Analytic Grasp Metrics},
  Author                   = {Mahler, Jeffrey and Liang, Jacky and Niyaz, Sherdil and Laskey, Michael and Doan, Richard and Liu, Xinyu and Ojea, Juan Aparicio and Goldberg, Ken},
  Year                     = {2017},

  Booktitle                = {Robotics: Science and Systems (RSS)}
}

@InProceedings{McCormac2017,
  Title                    = {Scenenet rgb-d: Can 5m synthetic images beat generic imagenet pre-training on indoor segmentation},
  Author                   = {McCormac, John and Handa, Ankur and Leutenegger, Stefan and Davison, Andrew J},
  Booktitle                = {Proceedings of the IEEE Conference on Computer Vision and Pattern Recognition},
  Year                     = {2017},
  Pages                    = {2678--2687}
}

@article{Mehta2019,
  author                    = {Bhairav Mehta and
                                Manfred Diaz and
                                Florian Golemo and
                                Christopher J. Pal and
                                Liam Paull},
  title                     = {Active Domain Randomization},
  journal                   = {CoRR},
  volume                    = {abs/1904.04762},
  year                      = {2019},
}

@Article{Mueller2017,
  Title                    = {UE4Sim: A Photo-Realistic Simulator for Computer Vision Applications},
  Author                   = {Mueller, Matthias and Casser, Vincent and Lahoud, Jean and Smith, Neil and Ghanem, Bernard},
  Journal                  = {arXiv preprint arXiv:1708.05869},
  Year                     = {2017}
}

@inproceedings{Murez2018,
  title                     = {Image to image translation for domain adaptation},
  author                    = {Murez, Zak and Kolouri, Soheil and Kriegman, David and Ramamoorthi, Ravi and Kim, Kyungnam},
  booktitle                 = {Proceedings of the IEEE Conference on Computer Vision and Pattern Recognition},
  pages                     = {4500--4509},
  year                      = {2018}
}

@Article{Nguyen2016,
  Title                    = {A robust 3d-2d interactive tool for scene segmentation and annotation},
  Author                   = {Nguyen, Duc Thanh and Hua, Binh-Son and Yu, Lap-Fai and Yeung, Sai-Kit},
  Journal                  = {arXiv preprint arXiv:1610.05883},
  Year                     = {2016}
}

@Article{Panteleris2017,
  Title                    = {Back to {RGB:} 3D tracking of hands and hand-object interactions based on short-baseline stereo},
  Author                   = {Paschalis Panteleris and Antonis A. Argyros},
  Journal                  = {CoRR},
  Year                     = {2017},
  Volume                   = {abs/1705.05301},

  Archiveprefix            = {arXiv},
  Bibsource                = {dblp computer science bibliography, http://dblp.org},
  Biburl                   = {http://dblp.org/rec/bib/journals/corr/PantelerisA17},
  Eprint                   = {1705.05301},
  Timestamp                = {Wed, 07 Jun 2017 14:41:06 +0200},
  Url                      = {http://arxiv.org/abs/1705.05301}
}

@article{Pashevich2019,
  title                     = {Learning to Augment Synthetic Images for Sim2Real Policy Transfer},
  author                    = {Pashevich, Alexander and Strudel, Robin AM and Kalevatykh, Igor and Laptev, Ivan and Schmid, Cordelia},
  journal                   = {arXiv preprint arXiv:1903.07740},
  year                      = {2019}
}

@Misc{Pedersen2013,
  Title                    = {Progressive photon mapping on gpus},

  Author                   = {Pedersen, Stian Aaraas},
  Year                     = {2013},

  Publisher                = {Institutt for datateknikk og informasjonsvitenskap}
}

@inproceedings{Pinheiro2018,
  title                     = {Unsupervised domain adaptation with similarity learning},
  author                    = {Pinheiro, Pedro O},
  booktitle                 = {Proceedings of the IEEE Conference on Computer Vision and Pattern Recognition},
  pages                     = {8004--8013},
  year                      = {2018}
}

@InProceedings{7780460,
  Title                    = {You Only Look Once: Unified, Real-Time Object Detection},
  Author                   = {J. Redmon and S. Divvala and R. Girshick and A. Farhadi},
  Booktitle                = {2016 IEEE Conference on Computer Vision and Pattern Recognition (CVPR)},
  Year                     = {2016},
  Month                    = {June},
  Pages                    = {779-788},

  Doi                      = {10.1109/CVPR.2016.91},
  Keywords                 = {image classification;image representation;neural nets;object detection;DPM;R-CNN;YOLO model;bounding boxes;class probabilities;detection performance;detection pipeline;natural images;neural network;object classifiers;object representation;unified real-time object detection;you only look once;Computer architecture;Microprocessors;Neural networks;Object detection;Pipelines;Real-time systems;Training}
}

@Article{Redmon2017,
  Title                    = {{YOLO9000:} Better, Faster, Stronger},
  Author                   = {Joseph Redmon and Ali Farhadi},
  Journal                  = {CoRR},
  Year                     = {2016},
  Volume                   = {abs/1612.08242},

  Url                      = {http://arxiv.org/abs/1612.08242}
}

@InProceedings{Richter2016,
  Title                    = {Playing for data: Ground truth from computer games},
  Author                   = {Richter, Stephan R and Vineet, Vibhav and Roth, Stefan and Koltun, Vladlen},
  Booktitle                = {European Conference on Computer Vision},
  Year                     = {2016},
  Organization             = {Springer},
  Pages                    = {102--118}
}

@InProceedings{Romero2010,
  Title                    = {Hands in action: real-time 3D reconstruction of hands in interaction with objects},
  Author                   = {J. Romero and H. Kjellström and D. Kragic},
  Booktitle                = {2010 IEEE International Conference on Robotics and Automation},
  Year                     = {2010},
  Month                    = {May},
  Pages                    = {458-463},

  Doi                      = {10.1109/ROBOT.2010.5509753},
  ISSN                     = {1050-4729},
  Keywords                 = {computer vision;image reconstruction;pose estimation;search problems;hand pose reconstruction;human hand tracking;nearest neighbor search;object occlusion;pose estimation;real-time 3D reconstruction;robotics;segmentation error;self occlusion;vision based estimation;Computer vision;Grasping;Humans;Image databases;Image reconstruction;Nearest neighbor searches;Orbital robotics;Real time systems;Robots;Robustness}
}

@InProceedings{Ros2016,
  Title                    = {The synthia dataset: A large collection of synthetic images for semantic segmentation of urban scenes},
  Author                   = {Ros, German and Sellart, Laura and Materzynska, Joanna and Vazquez, David and Lopez, Antonio M},
  Booktitle                = {Proceedings of the IEEE Conference on Computer Vision and Pattern Recognition},
  Year                     = {2016},
  Pages                    = {3234--3243}
}

@Article{Russakovsky2015,
  Title                    = {Imagenet large scale visual recognition challenge},
  Author                   = {Russakovsky, Olga and Deng, Jia and Su, Hao and Krause, Jonathan and Satheesh, Sanjeev and Ma, Sean and Huang, Zhiheng and Karpathy, Andrej and Khosla, Aditya and Bernstein, Michael and others},
  Journal                  = {International Journal of Computer Vision},
  Year                     = {2015},
  Number                   = {3},
  Pages                    = {211--252},
  Volume                   = {115},

  Publisher                = {Springer}
}

@inproceedings{Sankaranarayanan2018,
  title                     = {Learning from synthetic data: Addressing domain shift for semantic segmentation},
  author                    = {Sankaranarayanan, Swami and Balaji, Yogesh and Jain, Arpit and Nam Lim, Ser and Chellappa, Rama},
  booktitle                 = {Proceedings of the IEEE Conference on Computer Vision and Pattern Recognition},
  pages                     = {3752--3761},
  year                      = {2018}
}

@Article{Savva2017,
  Title                    = {MINOS: Multimodal Indoor Simulator for Navigation in Complex Environments},
  Author                   = {Savva, Manolis and Chang, Angel X and Dosovitskiy, Alexey and Funkhouser, Thomas and Koltun, Vladlen},
  Journal                  = {arXiv preprint arXiv:1712.03931},
  Year                     = {2017}
}

@Article{Shafaei2016,
  Title                    = {Play and learn: Using video games to train computer vision models},
  Author                   = {Shafaei, Alireza and Little, James J and Schmidt, Mark},
  Journal                  = {arXiv preprint arXiv:1608.01745},
  Year                     = {2016}
}

@Article{Shelhamer2017,
  Title                    = {Fully Convolutional Networks for Semantic Segmentation},
  Author                   = {Shelhamer, Evan and Long, Jonathan and Darrell, Trevor},
  Journal                  = {IEEE Trans. Pattern Anal. Mach. Intell.},
  Year                     = {2017},

  Month                    = apr,
  Number                   = {4},
  Pages                    = {640--651},
  Volume                   = {39},

  Doi                      = {10.1109/TPAMI.2016.2572683},
  ISSN                     = {0162-8828},
  Numpages                 = {12},
  Url                      = {https://doi.org/10.1109/TPAMI.2016.2572683}
}

@InProceedings{Shelhamer2016,
  Title                    = {Clockwork convnets for video semantic segmentation},
  Author                   = {Shelhamer, Evan and Rakelly, Kate and Hoffman, Judy and Darrell, Trevor},
  Booktitle                = {Computer Vision--ECCV 2016 Workshops},
  Year                     = {2016},
  Organization             = {Springer},
  Pages                    = {852--868}
}

@InProceedings{Shrivastava2017,
  Title                    = {Learning from Simulated and Unsupervised Images through Adversarial Training},
  Author                   = {A. Shrivastava and T. Pfister and O. Tuzel and J. Susskind and W. Wang and R. Webb},
  Booktitle                = {2017 IEEE Conference on Computer Vision and Pattern Recognition (CVPR)},
  Year                     = {2017},
  Month                    = {July},
  Pages                    = {2242-2251}
}

@Article{Silberman2012,
  Title                    = {Indoor segmentation and support inference from rgbd images},
  Author                   = {Silberman, Nathan and Hoiem, Derek and Kohli, Pushmeet and Fergus, Rob},
  Journal                  = {Computer Vision--ECCV 2012},
  Year                     = {2012},
  Pages                    = {746--760},

  Publisher                = {Springer}
}

@InProceedings{Song2015b,
  Title                    = {Sun rgb-d: A rgb-d scene understanding benchmark suite},
  Author                   = {Song, Shuran and Lichtenberg, Samuel P and Xiao, Jianxiong},
  Booktitle                = {Proceedings of the IEEE conference on computer vision and pattern recognition},
  Year                     = {2015},
  Pages                    = {567--576}
}

@Article{Song2016,
  Title                    = {Semantic scene completion from a single depth image},
  Author                   = {Song, Shuran and Yu, Fisher and Zeng, Andy and Chang, Angel X and Savva, Manolis and Funkhouser, Thomas},
  Journal                  = {arXiv preprint arXiv:1611.08974},
  Year                     = {2016}
}

@inproceedings{Tremblay2018,
  title                     = {Training deep networks with synthetic data: Bridging the reality gap by domain randomization},
  author                    = {Tremblay, Jonathan and Prakash, Aayush and Acuna, David and Brophy, Mark and Jampani, Varun and Anil, Cem and To, Thang and Cameracci, Eric and Boochoon, Shaad and Birchfield, Stan},
  booktitle                 = {Proceedings of the IEEE Conference on Computer Vision and Pattern Recognition Workshops},
  pages                     = {969--977},
  year                      = {2018}
}

@Article{Tobin2017,
  Title                    = {Domain Randomization for Transferring Deep Neural Networks from Simulation to the Real World},
  Author                   = {Tobin, Josh and Fong, Rachel and Ray, Alex and Schneider, Jonas and Zaremba, Wojciech and Abbeel, Pieter},
  Journal                  = {arXiv preprint arXiv:1703.06907},
  Year                     = {2017}
}

@Article{WeichaoQiu2017,
  Title                    = {UnrealCV: Virtual Worlds for Computer Vision},
  Author                   = {Weichao Qiu, Fangwei Zhong, Yi Zhang, Siyuan Qiao,Zihao Xiao, Tae Soo Kim, Yizhou Wang, Alan Yuille},
  Journal                  = {ACM Multimedia Open Source Software Competition},
  Year                     = {2017}
}

@Article{Wu2015b,
  Title                    = {Deep image: Scaling up image recognition},
  Author                   = {Wu, Ren and Yan, Shengen and Shan, Yi and Dang, Qingqing and Sun, Gang},
  Journal                  = {arXiv preprint arXiv:1501.02876},
  Year                     = {2015},
  Number                   = {8},
  Volume                   = {7},

  Publisher                = {CoRR}
}

@Article{Wu2018,
  Title                    = {{Building Generalizable Agents with a Realistic and Rich 3D Environment}},
  Author                   = {{Wu}, Y. and {Wu}, Y. and {Gkioxari}, G. and {Tian}, Y.},
  Journal                  = {ArXiv e-prints},
  Year                     = {2018},

  Month                    = jan,

  Archiveprefix            = {arXiv},
  Eprint                   = {1801.02209},
  Keywords                 = {Computer Science - Learning, Computer Science - Artificial Intelligence},
  Primaryclass             = {cs.LG}
}

@Article{Zhang16,
  Title                    = {UnrealStereo: {A} Synthetic Dataset for Analyzing Stereo Vision},
  Author                   = {Yi Zhang and Weichao Qiu and Qi Chen and Xiaolin Hu and Alan L. Yuille},
  Journal                  = {CoRR},
  Year                     = {2016}
}

@Article{Zhang2017,
  Title                    = {Physically-Based Rendering for Indoor Scene Understanding Using Convolutional Neural Networks},
  Author                   = {Zhang, Yinda and Song, Shuran and Yumer, Ersin and Savva, Manolis and Lee, Joon-Young and Jin, Hailin and Funkhouser, Thomas},
  Journal                  = {The IEEE Conference on Computer Vision and Pattern Recognition (CVPR)},
  Year                     = {2017}
}

@InProceedings{Zhou2017,
  Title                    = {Scene parsing through ade20k dataset},
  Author                   = {Zhou, Bolei and Zhao, Hang and Puig, Xavier and Fidler, Sanja and Barriuso, Adela and Torralba, Antonio},
  Booktitle                = {Proc. CVPR},
  Year                     = {2017}
}

@article{Zhu2019,
  title                     = {Sim-Real Joint Reinforcement Transfer for 3D Indoor Navigation},
  author                    = {Zhu, Fengda and Zhu, Linchao and Yang, Yi},
  journal                   = {arXiv preprint arXiv:1904.03895},
  year                      = {2019}
}

@InProceedings{Zimmermann2017,
  Title                    = {Learning to Estimate 3D Hand Pose From Single RGB Images},
  Author                   = {Zimmermann, Christian and Brox, Thomas},
  Booktitle                = {The IEEE International Conference on Computer Vision (ICCV)},
  Year                     = {2017},
  Month                    = {Oct}
}

@comment{jabref-meta: databaseType:bibtex;}